@article{passion,
title = {Passion: Optimized I/O for Parallel Applications},
journal = {IEEE Computer},
year = 1996,
month = June,
author = {Sachin More and Rajeev Thakur and Alok Choudhary and Rajesh Bordawekar and Sivaramakrishna Kuditipudi}
}

@conference{c1,
    title = {MTIO - A Multi-Threaded Parallel I/O System},
    booktitle = {Proceedings of the 11th International Parallel Processing Symposium},
    month = {April},
    year = {1997},
    author = {Sachin More and Alok Choudhary and Ian Foster and Ming Xu}
}


@conference{c2,
    title = {Efficient Sequencing Tape-Resident Jobs},
booktitle = {Proceedings of the Eighteenth ACM SIGACT-SIGMOD-SIGART Symposium on Principles of Database Systems},
month = {June},
year = {1999},
author = {Sachin More and S. Muthukrishnan and Elizabeth Shriver}
}

@conference{c3,
    title = {Data Management for Large-Scale Scientific Computations in High Performance Distributed Systems},
    booktitle = {Proceedings of the Eighth IEEE International Symposium on High Performance Distributed Computing},
    month = {August},
    year = {1999},
    author = {Sachin More and Alok Choudhary and Mahmut T. Kandemir and Harsha S. Nagesh and Jaechun No and Xiaohui Shen and Valerie E. Taylor and Rajeev Thakur}
}

@conference{c4,
title = {Data Management for Large-Scale Scientific Computations in High Performance Distributed Systems},
booktitle = {Cluster Computing},
volume = 3,
month = {November},
year = {2000},
author = {Sachin More and Alok Choudhary and Mahmut T. Kandemir and Jaechun No and Gokhan Memik and Xiaohui Shen and
						 Wei-keng Liao and Harsha S. Nagesh and Valerie E. Taylor and Rajeev Thakur and Rick L. Stevens}
}

@conference{c5,
title = {Tertiary Storage Organization for Large Multidimensional Datasets},
booktitle = {Proceedings of the Seventeenth IEEE Symposium on Mass Storage Systems},
month = March,
year = 2000,
author = {Sachin More and Alok Choudhary}
}

@conference{c6,
title = {A novel application development environment for large-scale scientific computations},
booktitle = {Proceedings of the 2000 International Conference on Supercomputing},
month = May,
year = 2000,
author = {Sachin More and Xiaohui Shen and Wei-keng Liao and Alok Choudhary and Gokhan Memik and Mahmut T. Kandemir and George K. Thiruvathukal and Arti Singh}
}

@conference{c7,
title = {Scheduling Queries for Tape-Resident Data},
booktitle = {Proceedings of the 6th International Euro-Par Conference},
month = August,
year = 2000,
author = {Sachin More and Alok Choudhary}
}
